<?xml version="1.0" encoding="UTF-8"?>
<!DOCTYPE html PUBLIC "-//W3C//DTD XHTML 1.0 Transitional//EN"
    "http://www.w3.org/TR/xhtml1/DTD/xhtml1-transitional.dtd">
<html xmlns="http://www.w3.org/1999/xhtml" xml:lang="en" lang="en">
 <head>
  <title>
</title>
<meta http-equiv="Content-Type" content="text/html;charset=utf-8" />
  <meta name='ocr-system' content='tesseract 3.04.00' />
  <meta name='ocr-capabilities' content='ocr_page ocr_carea ocr_par ocr_line ocrx_word'/>
</head>
<body>
  <div class='ocr_page' id='page_1' title='image "./cyperaceae00clar_0022.png"; bbox 0 0 2058 3447; ppageno 0'>
   <div class='ocr_carea' id='block_1_1' title="bbox 141 117 1163 160">
    <p class='ocr_par' dir='ltr' id='par_1_1' title="bbox 141 117 1163 160">
     <span class='ocr_line' id='line_1_1' title="bbox 141 117 1163 160; baseline -0.002 -7"><span class='ocrx_word' id='word_1_1' title='bbox 141 122 194 160; x_wconf 80' lang='grc'>22</span> <span class='ocrx_word' id='word_1_2' title='bbox 889 118 924 152; x_wconf 83' lang='lat' dir='ltr'><strong>C.</strong></span> <span class='ocrx_word' id='word_1_3' title='bbox 944 117 985 151; x_wconf 89' lang='lat' dir='ltr'>B.</span> <span class='ocrx_word' id='word_1_4' title='bbox 1006 117 1163 151; x_wconf 75' lang='lat' dir='ltr'><strong>CLARKE:</strong></span> 
     </span>
    </p>
   </div>
   <div class='ocr_carea' id='block_1_2' title="bbox 137 230 1916 571">
    <p class='ocr_par' dir='ltr' id='par_1_2' title="bbox 137 230 1914 433">
     <span class='ocr_line' id='line_1_2' title="bbox 139 230 1913 289; baseline -0.005 -11"><span class='ocrx_word' id='word_1_5' title='bbox 139 241 209 278; x_wconf 84' lang='lat' dir='ltr'>aut</span> <span class='ocrx_word' id='word_1_6' title='bbox 252 236 421 289; x_wconf 85' lang='lat' dir='ltr'>nodosi,</span> <span class='ocrx_word' id='word_1_7' title='bbox 467 235 578 276; x_wconf 87' lang='lat' dir='ltr'>foliis</span> <span class='ocrx_word' id='word_1_8' title='bbox 624 233 821 273; x_wconf 86' lang='lat' dir='ltr'>omnibus</span> <span class='ocrx_word' id='word_1_9' title='bbox 865 233 1001 272; x_wconf 87' lang='lat' dir='ltr'>rarius</span> <span class='ocrx_word' id='word_1_10' title='bbox 1042 232 1093 272; x_wconf 88' lang='lat' dir='ltr'>ad</span> <span class='ocrx_word' id='word_1_11' title='bbox 1132 231 1306 284; x_wconf 77' lang='lat' dir='ltr'>vaginas</span> <span class='ocrx_word' id='word_1_12' title='bbox 1344 230 1540 272; x_wconf 83' lang='lat' dir='ltr'>reductis.</span> <span class='ocrx_word' id='word_1_13' title='bbox 1604 231 1836 285; x_wconf 87' lang='lat' dir='ltr'>Spiculae</span> <span class='ocrx_word' id='word_1_14' title='bbox 1868 232 1913 271; x_wconf 93' lang='lat' dir='ltr'>in</span> 
     </span>
     <span class='ocr_line' id='line_1_3' title="bbox 139 302 1914 362; baseline -0.003 -14"><span class='ocrx_word' id='word_1_15' title='bbox 139 309 263 362; x_wconf 84' lang='lat' dir='ltr'>spicis</span> <span class='ocrx_word' id='word_1_16' title='bbox 301 308 483 361; x_wconf 82' lang='lat' dir='ltr'>spicatae</span> <span class='ocrx_word' id='word_1_17' title='bbox 522 309 593 346; x_wconf 83' lang='lat' dir='ltr'>aut</span> <span class='ocrx_word' id='word_1_18' title='bbox 631 305 840 357; x_wconf 74' lang='lat' dir='ltr'>digitatae.</span> <span class='ocrx_word' id='word_1_19' title='bbox 910 303 1090 357; x_wconf 83' lang='lat' dir='ltr'>Spicae</span> <span class='ocrx_word' id='word_1_20' title='bbox 1128 303 1172 342; x_wconf 91' lang='lat' dir='ltr'>in</span> <span class='ocrx_word' id='word_1_21' title='bbox 1214 302 1555 355; x_wconf 85' lang='lat' dir='ltr'>quasi-umbella</span> <span class='ocrx_word' id='word_1_22' title='bbox 1593 303 1805 356; x_wconf 88' lang='lat' dir='ltr'>(panicula</span> <span class='ocrx_word' id='word_1_23' title='bbox 1844 302 1914 343; x_wconf 89' lang='lat' dir='ltr'>de-</span> 
     </span>
     <span class='ocr_line' id='line_1_4' title="bbox 137 374 1497 433; baseline -0.004 -14"><span class='ocrx_word' id='word_1_24' title='bbox 137 376 577 433; x_wconf 78' lang='lat' dir='ltr'>presso-corymbosa)</span> <span class='ocrx_word' id='word_1_25' title='bbox 611 375 837 429; x_wconf 75' lang='lat' dir='ltr'>dispositae</span> <span class='ocrx_word' id='word_1_26' title='bbox 869 374 937 414; x_wconf 84' lang='lat' dir='ltr'>vel</span> <span class='ocrx_word' id='word_1_27' title='bbox 969 374 1012 413; x_wconf 90' lang='lat' dir='ltr'>in</span> <span class='ocrx_word' id='word_1_28' title='bbox 1048 374 1069 413; x_wconf 99' lang='grc'>1</span> <span class='ocrx_word' id='word_1_29' title='bbox 1105 376 1231 427; x_wconf 89' lang='lat' dir='ltr'>caput</span> <span class='ocrx_word' id='word_1_30' title='bbox 1262 376 1497 427; x_wconf 82' lang='lat' dir='ltr'>congestae.</span> 
     </span>
    </p>

    <p class='ocr_par' dir='ltr' id='par_1_3' title="bbox 138 445 1916 571">
     <span class='ocr_line' id='line_1_5' title="bbox 280 445 1916 503; baseline -0.002 -14"><span class='ocrx_word' id='word_1_31' title='bbox 280 448 449 503; x_wconf 76' lang='lat' dir='ltr'>Species</span> <span class='ocrx_word' id='word_1_32' title='bbox 482 448 565 487; x_wconf 73' lang='grc'>280</span> <span class='ocrx_word' id='word_1_33' title='bbox 604 459 678 500; x_wconf 88' lang='lat' dir='ltr'>per</span> <span class='ocrx_word' id='word_1_34' title='bbox 722 449 855 486; x_wconf 86' lang='lat' dir='ltr'>totum</span> <span class='ocrx_word' id='word_1_35' title='bbox 901 445 1043 486; x_wconf 88' lang='lat' dir='ltr'>orbem</span> <span class='ocrx_word' id='word_1_36' title='bbox 1088 448 1296 485; x_wconf 89' lang='lat' dir='ltr'>terrarum</span> <span class='ocrx_word' id='word_1_37' title='bbox 1341 457 1524 499; x_wconf 79' lang='lat' dir='ltr'>sparsae,</span> <span class='ocrx_word' id='word_1_38' title='bbox 1568 445 1613 485; x_wconf 87' lang='lat' dir='ltr'>in</span> <span class='ocrx_word' id='word_1_39' title='bbox 1657 445 1830 499; x_wconf 79' lang='lat' dir='ltr'>tropicis</span> <span class='ocrx_word' id='word_1_40' title='bbox 1874 447 1916 486; x_wconf 86' lang='lat' dir='ltr'>et</span> 
     </span>
     <span class='ocr_line' id='line_1_6' title="bbox 138 515 1490 571; baseline -0.004 -9"><span class='ocrx_word' id='word_1_41' title='bbox 138 520 409 563; x_wconf 82' lang='lat' dir='ltr'>calidioribus</span> <span class='ocrx_word' id='word_1_42' title='bbox 440 519 654 571; x_wconf 75' lang='lat' dir='ltr'>vulgares,</span> <span class='ocrx_word' id='word_1_43' title='bbox 687 517 734 557; x_wconf 90' lang='lat' dir='ltr'>in</span> <span class='ocrx_word' id='word_1_44' title='bbox 766 516 1009 570; x_wconf 77' lang='lat' dir='ltr'>temperatis</span> <span class='ocrx_word' id='word_1_45' title='bbox 1042 515 1329 570; x_wconf 83' lang='lat' dir='ltr'>frigidioribus</span> <span class='ocrx_word' id='word_1_46' title='bbox 1361 529 1490 557; x_wconf 87' lang='lat' dir='ltr'>rarae.</span> 
     </span>
    </p>
   </div>
   <div class='ocr_carea' id='block_1_3' title="bbox 280 601 1911 652">
    <p class='ocr_par' dir='ltr' id='par_1_4' title="bbox 280 601 1911 652">
     <span class='ocr_line' id='line_1_7' title="bbox 280 601 1911 652; baseline -0.002 -8"><span class='ocrx_word' id='word_1_47' title='bbox 280 604 369 644; x_wconf 80' lang='lat' dir='ltr'>obs.</span> <span class='ocrx_word' id='word_1_48' title='bbox 415 604 625 643; x_wconf 82' lang='lat' dir='ltr'>Character</span> <span class='ocrx_word' id='word_1_49' title='bbox 656 614 775 652; x_wconf 85' lang='lat' dir='ltr'>supra</span> <span class='ocrx_word' id='word_1_50' title='bbox 799 601 850 639; x_wconf 83' lang='lat' dir='ltr'>ad</span> <span class='ocrx_word' id='word_1_51' title='bbox 876 601 1028 650; x_wconf 85' lang='lat' dir='ltr'>species</span> <span class='ocrx_word' id='word_1_52' title='bbox 1049 601 1273 639; x_wconf 84' lang='lat' dir='ltr'>Antillanas</span> <span class='ocrx_word' id='word_1_53' title='bbox 1295 601 1578 650; x_wconf 83' lang='lat' dir='ltr'>quodammodo</span> <span class='ocrx_word' id='word_1_54' title='bbox 1600 604 1818 640; x_wconf 87' lang='lat' dir='ltr'>coarctatus</span> <span class='ocrx_word' id='word_1_55' title='bbox 1840 604 1911 640; x_wconf 81' lang='lat' dir='ltr'>est.</span> 
     </span>
    </p>
   </div>
   <div class='ocr_carea' id='block_1_4' title="bbox 593 731 1456 783">
    <p class='ocr_par' dir='ltr' id='par_1_5' title="bbox 593 731 1456 783">
     <span class='ocr_line' id='line_1_8' title="bbox 593 731 1456 783; baseline -0.001 -12"><span class='ocrx_word' id='word_1_56' title='bbox 593 733 754 771; x_wconf 82' lang='lat' dir='ltr'>Clavis</span> <span class='ocrx_word' id='word_1_57' title='bbox 788 732 1056 783; x_wconf 86' lang='lat' dir='ltr'>specierum</span> <span class='ocrx_word' id='word_1_58' title='bbox 1088 731 1456 770; x_wconf 84' lang='lat' dir='ltr'>Antillanarum.</span> 
     </span>
    </p>
   </div>
   <div class='ocr_carea' id='block_1_5' title="bbox 137 815 1916 2728">
    <p class='ocr_par' dir='ltr' id='par_1_6' title="bbox 137 815 1916 2728">
     <span class='ocr_line' id='line_1_9' title="bbox 138 815 1915 868; baseline -0.003 -9"><span class='ocrx_word' id='word_1_59' title='bbox 138 821 239 859; x_wconf 85' lang='lat' dir='ltr'>Sect.</span> <span class='ocrx_word' id='word_1_60' title='bbox 266 821 302 858; x_wconf 87' lang='lat'><strong>1.</strong></span> <span class='ocrx_word' id='word_1_61' title='bbox 335 819 640 868; x_wconf 71' lang='lat' dir='ltr'>Aozosporum</span> <span class='ocrx_word' id='word_1_62' title='bbox 678 815 832 868; x_wconf 84' lang='lat' dir='ltr'>(genus)</span> <span class='ocrx_word' id='word_1_63' title='bbox 864 816 970 854; x_wconf 86' lang='lat' dir='ltr'>Nees</span> <span class='ocrx_word' id='word_1_64' title='bbox 1007 816 1048 853; x_wconf 88' lang='lat' dir='ltr'>in</span> <span class='ocrx_word' id='word_1_65' title='bbox 1081 816 1253 854; x_wconf 87' lang='lat' dir='ltr'>Linnaea</span> <span class='ocrx_word' id='word_1_66' title='bbox 1285 816 1347 854; x_wconf 81' lang='lat' dir='ltr'>IX</span> <span class='ocrx_word' id='word_1_67' title='bbox 1379 815 1525 867; x_wconf 77' lang='lat'>(1834)</span> <span class='ocrx_word' id='word_1_68' title='bbox 1558 828 1594 866; x_wconf 86' lang='lat' dir='ltr'>p.</span> <span class='ocrx_word' id='word_1_69' title='bbox 1620 817 1714 855; x_wconf 76' lang='grc'><strong>287.</strong></span> <span class='ocrx_word' id='word_1_70' title='bbox 1778 816 1915 866; x_wconf 81' lang='lat' dir='ltr'>Stylus</span> 
     </span>
     <span class='ocr_line' id='line_1_10' title="bbox 419 872 1916 930; baseline -0.001 -15"><span class='ocrx_word' id='word_1_71' title='bbox 419 878 580 930; x_wconf 80' lang='lat' dir='ltr'>longus3</span> <span class='ocrx_word' id='word_1_72' title='bbox 613 877 711 915; x_wconf 88' lang='lat' dir='ltr'>rami</span> <span class='ocrx_word' id='word_1_73' title='bbox 744 878 787 925; x_wconf 86' lang='lat'>3,</span> <span class='ocrx_word' id='word_1_74' title='bbox 819 888 910 915; x_wconf 88' lang='lat' dir='ltr'>cum</span> <span class='ocrx_word' id='word_1_75' title='bbox 945 872 996 930; x_wconf 74' lang='lat' dir='ltr'>1s3</span> <span class='ocrx_word' id='word_1_76' title='bbox 1030 879 1141 926; x_wconf 87' lang='lat' dir='ltr'>parte</span> <span class='ocrx_word' id='word_1_77' title='bbox 1173 875 1267 925; x_wconf 82' lang='lat' dir='ltr'>styli</span> <span class='ocrx_word' id='word_1_78' title='bbox 1300 875 1368 913; x_wconf 82' lang='lat' dir='ltr'>vix</span> <span class='ocrx_word' id='word_1_79' title='bbox 1398 875 1632 926; x_wconf 82' lang='lat' dir='ltr'>aequilongi.</span> <span class='ocrx_word' id='word_1_80' title='bbox 1661 899 1716 903; x_wconf 91' lang='lat'><strong>—</strong></span> <span class='ocrx_word' id='word_1_81' title='bbox 1742 876 1916 926; x_wconf 85' lang='lat' dir='ltr'>Aphylla</span> 
     </span>
     <span class='ocr_line' id='line_1_11' title="bbox 1278 935 1790 975; baseline 0.002 -2"><span class='ocrx_word' id='word_1_82' title='bbox 1278 936 1343 974; x_wconf 85' lang='lat'><strong>15.</strong></span> <span class='ocrx_word' id='word_1_83' title='bbox 1382 935 1419 973; x_wconf 77' lang='lat' dir='ltr'><strong>G.</strong></span> <span class='ocrx_word' id='word_1_84' title='bbox 1441 935 1668 973; x_wconf 70' lang='lat' dir='ltr'>nudieaulis</span> <span class='ocrx_word' id='word_1_85' title='bbox 1689 935 1790 975; x_wconf 88' lang='lat' dir='ltr'>Poir.</span> 
     </span>
     <span class='ocr_line' id='line_1_12' title="bbox 137 1006 1915 1059; baseline -0.002 -10"><span class='ocrx_word' id='word_1_86' title='bbox 137 1011 237 1050; x_wconf 84' lang='lat' dir='ltr'>Sect.</span> <span class='ocrx_word' id='word_1_87' title='bbox 264 1011 299 1048; x_wconf 90' lang='lat'>2.</span> <span class='ocrx_word' id='word_1_88' title='bbox 332 1008 725 1059; x_wconf 68' lang='lat' dir='ltr'>Pycozostachyae.</span> <span class='ocrx_word' id='word_1_89' title='bbox 780 1006 883 1056; x_wconf 86' lang='lat' dir='ltr'>Styli</span> <span class='ocrx_word' id='word_1_90' title='bbox 904 1007 1003 1045; x_wconf 86' lang='lat' dir='ltr'>rami</span> <span class='ocrx_word' id='word_1_91' title='bbox 1023 1007 1140 1056; x_wconf 78' lang='lat' dir='ltr'>longi.</span> <span class='ocrx_word' id='word_1_92' title='bbox 1195 1006 1377 1057; x_wconf 88' lang='lat' dir='ltr'>Spiculae</span> <span class='ocrx_word' id='word_1_93' title='bbox 1400 1007 1586 1056; x_wconf 83' lang='lat' dir='ltr'>digitatae</span> <span class='ocrx_word' id='word_1_94' title='bbox 1607 1010 1675 1046; x_wconf 88' lang='lat' dir='ltr'>aut</span> <span class='ocrx_word' id='word_1_95' title='bbox 1697 1010 1915 1056; x_wconf 81' lang='lat' dir='ltr'>congestae.</span> 
     </span>
     <span class='ocr_line' id='line_1_13' title="bbox 220 1068 451 1107; baseline -0.004 0"><span class='ocrx_word' id='word_1_96' title='bbox 220 1068 241 1091; x_wconf 65' lang='lat'>&gt;¹&lt;</span> <span class='ocrx_word' id='word_1_97' title='bbox 274 1071 451 1107; x_wconf 85' lang='lat' dir='ltr'>Annuae.</span> 
     </span>
     <span class='ocr_line' id='line_1_14' title="bbox 339 1126 1782 1177; baseline -0.001 -11"><span class='ocrx_word' id='word_1_98' title='bbox 339 1128 503 1166; x_wconf 85' lang='lat' dir='ltr'>Culmus</span> <span class='ocrx_word' id='word_1_99' title='bbox 524 1127 847 1177; x_wconf 74' lang='lat' dir='ltr'>monocephalus3</span> <span class='ocrx_word' id='word_1_100' title='bbox 871 1127 1046 1176; x_wconf 86' lang='lat' dir='ltr'>spiculae</span> <span class='ocrx_word' id='word_1_101' title='bbox 1068 1126 1214 1165; x_wconf 85' lang='lat' dir='ltr'>virides</span> <span class='ocrx_word' id='word_1_102' title='bbox 1280 1127 1343 1165; x_wconf 90' lang='grc'>16.</span> <span class='ocrx_word' id='word_1_103' title='bbox 1383 1127 1421 1165; x_wconf 82' lang='grc' dir='ltr'>Ο.</span> <span class='ocrx_word' id='word_1_104' title='bbox 1444 1126 1610 1164; x_wconf 75' lang='lat' dir='ltr'>humilis</span> <span class='ocrx_word' id='word_1_105' title='bbox 1635 1126 1782 1165; x_wconf 86' lang='lat' dir='ltr'>Kunth.</span> 
     </span>
     <span class='ocr_line' id='line_1_15' title="bbox 338 1186 1768 1237; baseline -0.002 -11"><span class='ocrx_word' id='word_1_106' title='bbox 338 1188 477 1237; x_wconf 87' lang='lat' dir='ltr'>Spicae</span> <span class='ocrx_word' id='word_1_107' title='bbox 509 1187 761 1235; x_wconf 82' lang='lat' dir='ltr'>umbellatae,</span> <span class='ocrx_word' id='word_1_108' title='bbox 793 1199 935 1225; x_wconf 83' lang='lat' dir='ltr'>aureae</span> <span class='ocrx_word' id='word_1_109' title='bbox 966 1190 1034 1225; x_wconf 89' lang='lat' dir='ltr'>aut</span> <span class='ocrx_word' id='word_1_110' title='bbox 1064 1186 1195 1224; x_wconf 88' lang='lat' dir='ltr'>luteae</span> <span class='ocrx_word' id='word_1_111' title='bbox 1280 1187 1345 1224; x_wconf 84' lang='lat'>17.</span> <span class='ocrx_word' id='word_1_112' title='bbox 1383 1186 1420 1225; x_wconf 78' lang='lat' dir='ltr'><strong>G.</strong></span> <span class='ocrx_word' id='word_1_113' title='bbox 1443 1186 1627 1224; x_wconf 74' lang='lat' dir='ltr'>amabilis</span> <span class='ocrx_word' id='word_1_114' title='bbox 1652 1186 1768 1224; x_wconf 84' lang='lat' dir='ltr'>Vahl.</span> 
     </span>
     <span class='ocr_line' id='line_1_16' title="bbox 340 1246 1455 1297; baseline -0.002 -11"><span class='ocrx_word' id='word_1_115' title='bbox 340 1248 479 1297; x_wconf 84' lang='lat' dir='ltr'>Spicae</span> <span class='ocrx_word' id='word_1_116' title='bbox 510 1247 763 1297; x_wconf 79' lang='lat' dir='ltr'>umbellatae,</span> <span class='ocrx_word' id='word_1_117' title='bbox 796 1246 1043 1296; x_wconf 77' lang='lat' dir='ltr'>ferrugineae</span> <span class='ocrx_word' id='word_1_118' title='bbox 1075 1249 1142 1284; x_wconf 81' lang='lat' dir='ltr'>aut</span> <span class='ocrx_word' id='word_1_119' title='bbox 1174 1246 1455 1284; x_wconf 84' lang='lat' dir='ltr'>subcastaneae</span> 
     </span>
     <span class='ocr_line' id='line_1_17' title="bbox 1280 1305 1785 1345; baseline 0.002 -2"><span class='ocrx_word' id='word_1_120' title='bbox 1280 1307 1344 1345; x_wconf 74' lang='lat'>18.</span> <span class='ocrx_word' id='word_1_121' title='bbox 1383 1305 1421 1344; x_wconf 79' lang='lat'><strong>0.</strong></span> <span class='ocrx_word' id='word_1_122' title='bbox 1443 1306 1657 1344; x_wconf 76' lang='lat' dir='ltr'>mzeinatus</span> <span class='ocrx_word' id='word_1_123' title='bbox 1682 1306 1785 1344; x_wconf 91' lang='lat' dir='ltr'>Poir.</span> 
     </span>
     <span class='ocr_line' id='line_1_18' title="bbox 196 1368 479 1406; baseline 0 -1"><span class='ocrx_word' id='word_1_124' title='bbox 196 1368 237 1389; x_wconf 65' lang='lat' dir='ltr'>*ss</span> <span class='ocrx_word' id='word_1_125' title='bbox 269 1368 479 1406; x_wconf 86' lang='lat' dir='ltr'>Perennes.</span> 
     </span>
     <span class='ocr_line' id='line_1_19' title="bbox 303 1425 1418 1478; baseline -0.002 -13"><span class='ocrx_word' id='word_1_126' title='bbox 303 1426 332 1478; x_wconf 84' lang='lat'><strong>†</strong></span> <span class='ocrx_word' id='word_1_127' title='bbox 365 1427 525 1465; x_wconf 84' lang='lat' dir='ltr'>Stamen</span> <span class='ocrx_word' id='word_1_128' title='bbox 555 1427 596 1476; x_wconf 76' lang='lat'>13</span> <span class='ocrx_word' id='word_1_129' title='bbox 628 1426 785 1476; x_wconf 83' lang='lat' dir='ltr'>plantae</span> <span class='ocrx_word' id='word_1_130' title='bbox 817 1425 1058 1475; x_wconf 84' lang='lat' dir='ltr'>majusculae</span> <span class='ocrx_word' id='word_1_131' title='bbox 1090 1428 1158 1463; x_wconf 88' lang='lat' dir='ltr'>aut</span> <span class='ocrx_word' id='word_1_132' title='bbox 1190 1425 1418 1464; x_wconf 83' lang='lat' dir='ltr'>mediocres.</span> 
     </span>
     <span class='ocr_line' id='line_1_20' title="bbox 420 1485 1718 1524; baseline 0 0"><span class='ocrx_word' id='word_1_133' title='bbox 420 1487 527 1524; x_wconf 83' lang='lat' dir='ltr'>Folia</span> <span class='ocrx_word' id='word_1_134' title='bbox 559 1486 815 1524; x_wconf 83' lang='lat' dir='ltr'>transversim</span> <span class='ocrx_word' id='word_1_135' title='bbox 845 1485 1032 1524; x_wconf 86' lang='lat' dir='ltr'>lineolata</span> <span class='ocrx_word' id='word_1_136' title='bbox 1065 1516 1072 1523; x_wconf 89' lang='lat'><strong>.</strong></span> <span class='ocrx_word' id='word_1_137' title='bbox 1136 1516 1143 1523; x_wconf 94' lang='lat'><strong>.</strong></span> <span class='ocrx_word' id='word_1_138' title='bbox 1207 1516 1215 1523; x_wconf 95' lang='lat'><strong>.</strong></span> <span class='ocrx_word' id='word_1_139' title='bbox 1281 1486 1346 1523; x_wconf 87' lang='lat'>21.</span> <span class='ocrx_word' id='word_1_140' title='bbox 1385 1485 1422 1523; x_wconf 77' lang='lat' dir='ltr'><strong>G.</strong></span> <span class='ocrx_word' id='word_1_141' title='bbox 1445 1485 1575 1523; x_wconf 71' lang='lat' dir='ltr'>virens</span> <span class='ocrx_word' id='word_1_142' title='bbox 1601 1485 1718 1524; x_wconf 85' lang='lat' dir='ltr'>Mich.</span> 
     </span>
     <span class='ocr_line' id='line_1_21' title="bbox 422 1545 1141 1584; baseline -0.001 -1"><span class='ocrx_word' id='word_1_143' title='bbox 422 1546 527 1584; x_wconf 87' lang='lat' dir='ltr'>Folia</span> <span class='ocrx_word' id='word_1_144' title='bbox 557 1557 634 1583; x_wconf 87' lang='grc'>11011</span> <span class='ocrx_word' id='word_1_145' title='bbox 666 1546 922 1584; x_wconf 81' lang='lat' dir='ltr'>transversim</span> <span class='ocrx_word' id='word_1_146' title='bbox 953 1545 1141 1583; x_wconf 85' lang='lat' dir='ltr'>lineolata</span> 
     </span>
     <span class='ocr_line' id='line_1_22' title="bbox 483 1605 1216 1655; baseline -0.001 -11"><span class='ocrx_word' id='word_1_147' title='bbox 483 1605 621 1655; x_wconf 85' lang='lat' dir='ltr'>Spicae</span> <span class='ocrx_word' id='word_1_148' title='bbox 652 1605 818 1643; x_wconf 87' lang='lat' dir='ltr'>flavidae</span> <span class='ocrx_word' id='word_1_149' title='bbox 849 1608 916 1642; x_wconf 87' lang='lat' dir='ltr'>aut</span> <span class='ocrx_word' id='word_1_150' title='bbox 947 1605 1216 1643; x_wconf 77' lang='lat' dir='ltr'>fuscescentes</span> 
     </span>
     <span class='ocr_line' id='line_1_23' title="bbox 542 1664 1889 1714; baseline 0 -11"><span class='ocrx_word' id='word_1_151' title='bbox 542 1665 724 1714; x_wconf 85' lang='lat' dir='ltr'>Spiculae</span> <span class='ocrx_word' id='word_1_152' title='bbox 745 1665 954 1702; x_wconf 83' lang='lat' dir='ltr'>admodum</span> <span class='ocrx_word' id='word_1_153' title='bbox 976 1676 1222 1714; x_wconf 83' lang='lat' dir='ltr'>compressae</span> <span class='ocrx_word' id='word_1_154' title='bbox 1279 1665 1345 1703; x_wconf 92' lang='lat'>22.</span> <span class='ocrx_word' id='word_1_155' title='bbox 1385 1665 1422 1702; x_wconf 63' lang='lat' dir='ltr'>(V.</span> <span class='ocrx_word' id='word_1_156' title='bbox 1446 1664 1740 1702; x_wconf 65' lang='lat' dir='ltr'>surinamenszfs</span> <span class='ocrx_word' id='word_1_157' title='bbox 1760 1665 1889 1703; x_wconf 84' lang='lat' dir='ltr'>Rottb.</span> 
     </span>
     <span class='ocr_line' id='line_1_24' title="bbox 543 1724 1791 1774; baseline 0 -11"><span class='ocrx_word' id='word_1_158' title='bbox 543 1724 725 1774; x_wconf 88' lang='lat' dir='ltr'>Spiculae</span> <span class='ocrx_word' id='word_1_159' title='bbox 757 1724 890 1774; x_wconf 72' lang='lat' dir='ltr'>pauilo</span> <span class='ocrx_word' id='word_1_160' title='bbox 922 1724 1077 1762; x_wconf 85' lang='lat' dir='ltr'>inflatae</span> <span class='ocrx_word' id='word_1_161' title='bbox 1135 1755 1141 1762; x_wconf 95' lang='lat'><strong>.</strong></span> <span class='ocrx_word' id='word_1_162' title='bbox 1205 1754 1212 1762; x_wconf 94' lang='lat'><strong>.</strong></span> <span class='ocrx_word' id='word_1_163' title='bbox 1278 1725 1343 1762; x_wconf 84' lang='lat'>23.</span> <span class='ocrx_word' id='word_1_164' title='bbox 1382 1724 1420 1764; x_wconf 80' lang='lat' dir='ltr'><strong>O.</strong></span> <span class='ocrx_word' id='word_1_165' title='bbox 1444 1724 1650 1762; x_wconf 54' lang='lat' dir='ltr'>oola-aecus</span> <span class='ocrx_word' id='word_1_166' title='bbox 1675 1724 1791 1763; x_wconf 84' lang='lat' dir='ltr'>Vahl.</span> 
     </span>
     <span class='ocr_line' id='line_1_25' title="bbox 484 1783 1762 1834; baseline 0 -13"><span class='ocrx_word' id='word_1_167' title='bbox 484 1784 622 1834; x_wconf 83' lang='lat' dir='ltr'>Spicae</span> <span class='ocrx_word' id='word_1_168' title='bbox 648 1785 981 1831; x_wconf 84' lang='lat' dir='ltr'>rubro-bruneae,</span> <span class='ocrx_word' id='word_1_169' title='bbox 1011 1787 1219 1833; x_wconf 79' lang='lat' dir='ltr'>congestae</span> <span class='ocrx_word' id='word_1_170' title='bbox 1278 1785 1343 1822; x_wconf 77' lang='lat'>24.</span> <span class='ocrx_word' id='word_1_171' title='bbox 1383 1784 1420 1822; x_wconf 80' lang='lat' dir='ltr'><strong>C.</strong></span> <span class='ocrx_word' id='word_1_172' title='bbox 1445 1783 1622 1822; x_wconf 64' lang='lat' dir='ltr'>Luzulae</span> <span class='ocrx_word' id='word_1_173' title='bbox 1650 1784 1762 1822; x_wconf 86' lang='lat' dir='ltr'>Retz.</span> 
     </span>
     <span class='ocr_line' id='line_1_26' title="bbox 424 1843 1420 1893; baseline 0 -12"><span class='ocrx_word' id='word_1_174' title='bbox 424 1844 628 1882; x_wconf 85' lang='lat' dir='ltr'>Umbellae</span> <span class='ocrx_word' id='word_1_175' title='bbox 660 1844 758 1882; x_wconf 84' lang='lat' dir='ltr'>radii</span> <span class='ocrx_word' id='word_1_176' title='bbox 790 1843 1028 1893; x_wconf 82' lang='lat' dir='ltr'>longissimi,</span> <span class='ocrx_word' id='word_1_177' title='bbox 1061 1843 1190 1882; x_wconf 88' lang='lat' dir='ltr'>culmo</span> <span class='ocrx_word' id='word_1_178' title='bbox 1222 1844 1420 1892; x_wconf 78' lang='lat' dir='ltr'>longiores</span> 
     </span>
     <span class='ocr_line' id='line_1_27' title="bbox 1281 1903 1828 1953; baseline 0 -12"><span class='ocrx_word' id='word_1_179' title='bbox 1281 1904 1346 1941; x_wconf 80' lang='lat'>28.</span> <span class='ocrx_word' id='word_1_180' title='bbox 1386 1903 1423 1941; x_wconf 80' lang='lat' dir='ltr'><strong>G.</strong></span> <span class='ocrx_word' id='word_1_181' title='bbox 1456 1903 1623 1953; x_wconf 62' lang='lat' dir='ltr'>simplex</span> <span class='ocrx_word' id='word_1_182' title='bbox 1647 1903 1694 1941; x_wconf 89' lang='lat' dir='ltr'>H.</span> <span class='ocrx_word' id='word_1_183' title='bbox 1717 1904 1761 1941; x_wconf 90' lang='lat' dir='ltr'><strong>B.</strong></span> <span class='ocrx_word' id='word_1_184' title='bbox 1782 1903 1828 1941; x_wconf 89' lang='lat' dir='ltr'>K.</span> 
     </span>
     <span class='ocr_line' id='line_1_28' title="bbox 276 1963 713 2015; baseline -0.005 -12"><span class='ocrx_word' id='word_1_185' title='bbox 276 1963 336 2015; x_wconf 63' lang='lat' dir='ltr'>l†</span> <span class='ocrx_word' id='word_1_186' title='bbox 369 1963 543 2003; x_wconf 84' lang='lat' dir='ltr'>Stamina</span> <span class='ocrx_word' id='word_1_187' title='bbox 577 1964 713 2002; x_wconf 78' lang='lat'><strong>3—-2,</strong></span> 
     </span>
     <span class='ocr_line' id='line_1_29' title="bbox 426 2022 1326 2072; baseline -0.003 -10"><span class='ocrx_word' id='word_1_188' title='bbox 426 2023 592 2062; x_wconf 85' lang='lat' dir='ltr'>Culmus</span> <span class='ocrx_word' id='word_1_189' title='bbox 623 2022 944 2072; x_wconf 85' lang='lat' dir='ltr'>monocephalus,</span> <span class='ocrx_word' id='word_1_190' title='bbox 981 2022 1001 2060; x_wconf 86' lang='lat'>1</span> <span class='ocrx_word' id='word_1_191' title='bbox 1014 2046 1068 2050; x_wconf 94' lang='lat'>—</span> <span class='ocrx_word' id='word_1_192' title='bbox 1080 2023 1103 2060; x_wconf 90' lang='lat'><strong>2</strong></span> <span class='ocrx_word' id='word_1_193' title='bbox 1114 2044 1128 2050; x_wconf 94' lang='lat'>-</span> <span class='ocrx_word' id='word_1_194' title='bbox 1137 2022 1326 2071; x_wconf 68' lang='lat' dir='ltr'>stachyus</span> 
     </span>
     <span class='ocr_line' id='line_1_30' title="bbox 1281 2081 1810 2122; baseline 0.002 -2"><span class='ocrx_word' id='word_1_195' title='bbox 1281 2083 1346 2122; x_wconf 82' lang='lat'>27.</span> <span class='ocrx_word' id='word_1_196' title='bbox 1385 2081 1423 2121; x_wconf 82' lang='lat' dir='ltr'><strong>G.</strong></span> <span class='ocrx_word' id='word_1_197' title='bbox 1448 2082 1635 2120; x_wconf 70' lang='lat' dir='ltr'>trichodes</span> <span class='ocrx_word' id='word_1_198' title='bbox 1661 2082 1810 2121; x_wconf 81' lang='lat' dir='ltr'>Griseb.</span> 
     </span>
     <span class='ocr_line' id='line_1_31' title="bbox 427 2141 910 2192; baseline -0.004 -11"><span class='ocrx_word' id='word_1_199' title='bbox 427 2143 593 2181; x_wconf 83' lang='lat' dir='ltr'>Culmus</span> <span class='ocrx_word' id='word_1_200' title='bbox 624 2141 910 2192; x_wconf 68' lang='lat' dir='ltr'>polystachyus</span> 
     </span>
     <span class='ocr_line' id='line_1_32' title="bbox 486 2201 1756 2252; baseline -0.001 -11"><span class='ocrx_word' id='word_1_201' title='bbox 486 2202 669 2252; x_wconf 88' lang='lat' dir='ltr'>Spiculae</span> <span class='ocrx_word' id='word_1_202' title='bbox 706 2202 942 2239; x_wconf 84' lang='grc'>1-2111111,</span> <span class='ocrx_word' id='word_1_203' title='bbox 974 2201 1076 2239; x_wconf 86' lang='lat' dir='ltr'>latae</span> <span class='ocrx_word' id='word_1_204' title='bbox 1140 2232 1147 2239; x_wconf 94' lang='lat'><strong>.</strong></span> <span class='ocrx_word' id='word_1_205' title='bbox 1211 2232 1217 2239; x_wconf 93' lang='lat'><strong>.</strong></span> <span class='ocrx_word' id='word_1_206' title='bbox 1285 2202 1349 2240; x_wconf 89' lang='grc'>19.</span> <span class='ocrx_word' id='word_1_207' title='bbox 1388 2202 1425 2240; x_wconf 81' lang='lat'><strong>0.</strong></span> <span class='ocrx_word' id='word_1_208' title='bbox 1450 2201 1616 2251; x_wconf 73' lang='lat' dir='ltr'>Haspan</span> <span class='ocrx_word' id='word_1_209' title='bbox 1642 2202 1756 2240; x_wconf 90' lang='lat' dir='ltr'>Linn.</span> 
     </span>
     <span class='ocr_line' id='line_1_33' title="bbox 487 2262 976 2312; baseline -0.004 -12"><span class='ocrx_word' id='word_1_210' title='bbox 487 2262 669 2312; x_wconf 77' lang='lat' dir='ltr'>Spioniae</span> <span class='ocrx_word' id='word_1_211' title='bbox 704 2263 727 2299; x_wconf 87' lang='lat'><strong>3</strong></span> <span class='ocrx_word' id='word_1_212' title='bbox 751 2274 842 2298; x_wconf 90' lang='lat' dir='ltr'>mm.</span> <span class='ocrx_word' id='word_1_213' title='bbox 874 2262 976 2298; x_wconf 82' lang='lat' dir='ltr'>latae</span> 
     </span>
     <span class='ocr_line' id='line_1_34' title="bbox 544 2320 1464 2371; baseline -0.001 -12"><span class='ocrx_word' id='word_1_214' title='bbox 544 2321 639 2359; x_wconf 83' lang='lat' dir='ltr'>Nux</span> <span class='ocrx_word' id='word_1_215' title='bbox 670 2321 712 2359; x_wconf 88' lang='lat' dir='ltr'>in</span> <span class='ocrx_word' id='word_1_216' title='bbox 744 2324 852 2371; x_wconf 88' lang='lat' dir='ltr'>parto</span> <span class='ocrx_word' id='word_1_217' title='bbox 886 2320 1086 2370; x_wconf 89' lang='lat' dir='ltr'>superiore</span> <span class='ocrx_word' id='word_1_218' title='bbox 1118 2332 1249 2359; x_wconf 81' lang='lat' dir='ltr'>crasse</span> <span class='ocrx_word' id='word_1_219' title='bbox 1280 2320 1464 2359; x_wconf 79' lang='lat' dir='ltr'>corticata</span> 
     </span>
     <span class='ocr_line' id='line_1_35' title="bbox 1284 2381 1790 2420; baseline 0.002 -2"><span class='ocrx_word' id='word_1_220' title='bbox 1284 2381 1349 2419; x_wconf 83' lang='lat'>20.</span> <span class='ocrx_word' id='word_1_221' title='bbox 1389 2382 1426 2419; x_wconf 79' lang='lat'>(&#39;.</span> <span class='ocrx_word' id='word_1_222' title='bbox 1456 2381 1652 2419; x_wconf 73' lang='lat' dir='ltr'>Gardneri</span> <span class='ocrx_word' id='word_1_223' title='bbox 1675 2381 1790 2420; x_wconf 86' lang='lat' dir='ltr'>Nees.</span> 
     </span>
     <span class='ocr_line' id='line_1_36' title="bbox 547 2440 1126 2479; baseline -0.002 -1"><span class='ocrx_word' id='word_1_224' title='bbox 547 2440 640 2479; x_wconf 83' lang='lat' dir='ltr'>Nux</span> <span class='ocrx_word' id='word_1_225' title='bbox 672 2453 749 2477; x_wconf 88' lang='lat' dir='ltr'>non</span> <span class='ocrx_word' id='word_1_226' title='bbox 781 2452 911 2477; x_wconf 83' lang='lat' dir='ltr'>crasse</span> <span class='ocrx_word' id='word_1_227' title='bbox 943 2440 1126 2477; x_wconf 80' lang='lat' dir='ltr'>corticata</span> 
     </span>
     <span class='ocr_line' id='line_1_37' title="bbox 607 2499 1343 2538; baseline -0.001 0"><span class='ocrx_word' id='word_1_228' title='bbox 607 2500 714 2538; x_wconf 82' lang='lat' dir='ltr'>Folia</span> <span class='ocrx_word' id='word_1_229' title='bbox 747 2500 897 2538; x_wconf 82' lang='lat' dir='ltr'>viscosa</span> <span class='ocrx_word' id='word_1_230' title='bbox 928 2499 969 2536; x_wconf 90' lang='lat' dir='ltr'>in</span> <span class='ocrx_word' id='word_1_231' title='bbox 1002 2499 1104 2538; x_wconf 80' lang='lat' dir='ltr'>sicco</span> <span class='ocrx_word' id='word_1_232' title='bbox 1137 2500 1343 2538; x_wconf 82' lang='lat' dir='ltr'>convoluta</span> 
     </span>
     <span class='ocr_line' id='line_1_38' title="bbox 1287 2559 1743 2608; baseline 0 -11"><span class='ocrx_word' id='word_1_233' title='bbox 1287 2561 1352 2598; x_wconf 81' lang='lat'><strong>25.</strong></span> <span class='ocrx_word' id='word_1_234' title='bbox 1392 2560 1428 2597; x_wconf 82' lang='lat' dir='ltr'><strong>C.</strong></span> <span class='ocrx_word' id='word_1_235' title='bbox 1452 2560 1604 2608; x_wconf 40' lang='lat' dir='ltr'>ele-(jans</span> <span class='ocrx_word' id='word_1_236' title='bbox 1630 2559 1743 2597; x_wconf 88' lang='lat' dir='ltr'>Linn.</span> 
     </span>
     <span class='ocr_line' id='line_1_39' title="bbox 608 2617 1759 2669; baseline 0 -13"><span class='ocrx_word' id='word_1_237' title='bbox 608 2619 715 2656; x_wconf 83' lang='lat' dir='ltr'>Folia</span> <span class='ocrx_word' id='word_1_238' title='bbox 735 2619 943 2656; x_wconf 81' lang='lat' dir='ltr'>latiuscula</span> <span class='ocrx_word' id='word_1_239' title='bbox 964 2618 1080 2668; x_wconf 85' lang='lat' dir='ltr'>plana</span> <span class='ocrx_word' id='word_1_240' title='bbox 1100 2619 1240 2656; x_wconf 80' lang='lat' dir='ltr'>viridia</span> <span class='ocrx_word' id='word_1_241' title='bbox 1285 2620 1351 2658; x_wconf 74' lang='lat'><strong>20.</strong></span> <span class='ocrx_word' id='word_1_242' title='bbox 1390 2620 1427 2657; x_wconf 84' lang='lat' dir='ltr'><strong>C.</strong></span> <span class='ocrx_word' id='word_1_243' title='bbox 1451 2620 1620 2669; x_wconf 71' lang='lat' dir='ltr'>diffusus</span> <span class='ocrx_word' id='word_1_244' title='bbox 1648 2617 1759 2658; x_wconf 90' lang='lat' dir='ltr'>Linn.</span> 
     </span>
     <span class='ocr_line' id='line_1_40' title="bbox 492 2678 1764 2728; baseline -0.001 -11"><span class='ocrx_word' id='word_1_245' title='bbox 492 2679 674 2728; x_wconf 83' lang='lat' dir='ltr'>Spiculae</span> <span class='ocrx_word' id='word_1_246' title='bbox 706 2680 946 2716; x_wconf 74' lang='lat'><strong>4—5111111.</strong></span> <span class='ocrx_word' id='word_1_247' title='bbox 979 2678 1080 2715; x_wconf 78' lang='lat' dir='ltr'>latae</span> <span class='ocrx_word' id='word_1_248' title='bbox 1144 2709 1151 2715; x_wconf 96' lang='lat'><strong>.</strong></span> <span class='ocrx_word' id='word_1_249' title='bbox 1215 2709 1223 2716; x_wconf 87' lang='lat'><strong>.</strong></span> <span class='ocrx_word' id='word_1_250' title='bbox 1288 2680 1354 2717; x_wconf 77' lang='lat'><strong>26.</strong></span> <span class='ocrx_word' id='word_1_251' title='bbox 1393 2680 1430 2717; x_wconf 84' lang='lat' dir='ltr'><strong>C.</strong></span> <span class='ocrx_word' id='word_1_252' title='bbox 1453 2679 1626 2728; x_wconf 63' lang='lat' dir='ltr'>oxylepis</span> <span class='ocrx_word' id='word_1_253' title='bbox 1650 2679 1764 2717; x_wconf 87' lang='lat' dir='ltr'>Nees.</span> 
     </span>
    </p>
   </div>
   <div class='ocr_carea' id='block_1_6' title="bbox 149 2749 1850 3205">
    <p class='ocr_par' dir='ltr' id='par_1_7' title="bbox 149 2749 1614 2858">
     <span class='ocr_line' id='line_1_41' title="bbox 149 2749 1614 2799; baseline 0 -11"><span class='ocrx_word' id='word_1_254' title='bbox 149 2750 248 2788; x_wconf 69' lang='lat' dir='ltr'>Sect.</span> <span class='ocrx_word' id='word_1_255' title='bbox 274 2752 309 2787; x_wconf 86' lang='lat'><strong>3.</strong></span> <span class='ocrx_word' id='word_1_256' title='bbox 349 2750 723 2798; x_wconf 48' lang='lat' dir='ltr'>Ulmo-{stammam</span> <span class='ocrx_word' id='word_1_257' title='bbox 778 2749 882 2797; x_wconf 64' lang='lat' dir='ltr'>Styli</span> <span class='ocrx_word' id='word_1_258' title='bbox 914 2750 1012 2786; x_wconf 82' lang='lat' dir='ltr'>rami</span> <span class='ocrx_word' id='word_1_259' title='bbox 1043 2749 1162 2797; x_wconf 80' lang='lat' dir='ltr'>longi.</span> <span class='ocrx_word' id='word_1_260' title='bbox 1217 2750 1399 2799; x_wconf 79' lang='lat' dir='ltr'>Spiculae</span> <span class='ocrx_word' id='word_1_261' title='bbox 1432 2751 1614 2799; x_wconf 83' lang='lat' dir='ltr'>spicatae.</span> 
     </span>
     <span class='ocr_line' id='line_1_42' title="bbox 250 2808 1322 2858; baseline 0 -11"><span class='ocrx_word' id='word_1_262' title='bbox 250 2808 271 2829; x_wconf 62' lang='lat' dir='ltr'>ss</span> <span class='ocrx_word' id='word_1_263' title='bbox 304 2809 484 2858; x_wconf 80' lang='lat' dir='ltr'>Spiculae</span> <span class='ocrx_word' id='word_1_264' title='bbox 518 2810 706 2846; x_wconf 74' lang='grc'>11131111113</span> <span class='ocrx_word' id='word_1_265' title='bbox 737 2821 814 2846; x_wconf 79' lang='lat' dir='ltr'>non</span> <span class='ocrx_word' id='word_1_266' title='bbox 845 2812 911 2846; x_wconf 82' lang='lat' dir='ltr'>aut</span> <span class='ocrx_word' id='word_1_267' title='bbox 943 2812 1180 2857; x_wconf 79' lang='lat' dir='ltr'>peranguste</span> <span class='ocrx_word' id='word_1_268' title='bbox 1211 2810 1322 2847; x_wconf 75' lang='lat' dir='ltr'>alata.</span> 
     </span>
    </p>

    <p class='ocr_par' dir='ltr' id='par_1_8' title="bbox 335 2868 1850 3037">
     <span class='ocr_line' id='line_1_43' title="bbox 335 2868 569 2918; baseline 0 -13"><span class='ocrx_word' id='word_1_269' title='bbox 335 2868 363 2918; x_wconf 56' lang='lat' dir='ltr'>l</span> <span class='ocrx_word' id='word_1_270' title='bbox 396 2870 569 2906; x_wconf 82' lang='lat' dir='ltr'>Annuae.</span> 
     </span>
     <span class='ocr_line' id='line_1_44' title="bbox 447 2927 1850 2977; baseline 0.001 -12"><span class='ocrx_word' id='word_1_271' title='bbox 447 2927 611 2965; x_wconf 75' lang='lat' dir='ltr'>Gluniae</span> <span class='ocrx_word' id='word_1_272' title='bbox 643 2928 933 2965; x_wconf 75' lang='lat' dir='ltr'>obtusiusculac</span> <span class='ocrx_word' id='word_1_273' title='bbox 1002 2957 1010 2966; x_wconf 89' lang='lat'><strong>.</strong></span> <span class='ocrx_word' id='word_1_274' title='bbox 1075 2958 1082 2965; x_wconf 99' lang='lat'><strong>.</strong></span> <span class='ocrx_word' id='word_1_275' title='bbox 1146 2958 1152 2965; x_wconf 95' lang='lat'><strong>.</strong></span> <span class='ocrx_word' id='word_1_276' title='bbox 1217 2960 1223 2966; x_wconf 93' lang='lat'><strong>.</strong></span> <span class='ocrx_word' id='word_1_277' title='bbox 1288 2930 1353 2966; x_wconf 71' lang='lat'><strong>330.</strong></span> <span class='ocrx_word' id='word_1_278' title='bbox 1393 2929 1430 2966; x_wconf 83' lang='lat' dir='ltr'><strong>C.</strong></span> <span class='ocrx_word' id='word_1_279' title='bbox 1453 2928 1696 2977; x_wconf 71' lang='lat' dir='ltr'>splerwelatus</span> <span class='ocrx_word' id='word_1_280' title='bbox 1723 2929 1850 2966; x_wconf 80' lang='lat' dir='ltr'>Rottb.</span> 
     </span>
     <span class='ocr_line' id='line_1_45' title="bbox 448 2987 1834 3037; baseline 0 -13"><span class='ocrx_word' id='word_1_281' title='bbox 448 2987 611 3025; x_wconf 81' lang='lat' dir='ltr'>Gluniao</span> <span class='ocrx_word' id='word_1_282' title='bbox 643 2990 796 3034; x_wconf 69' lang='lat' dir='ltr'>acutae,</span> <span class='ocrx_word' id='word_1_283' title='bbox 831 2987 1151 3025; x_wconf 81' lang='lat' dir='ltr'>mucronulatae.</span> <span class='ocrx_word' id='word_1_284' title='bbox 1216 3018 1222 3025; x_wconf 95' lang='lat'><strong>.</strong></span> <span class='ocrx_word' id='word_1_285' title='bbox 1288 2990 1353 3025; x_wconf 82' lang='lat'><strong>31.</strong></span> <span class='ocrx_word' id='word_1_286' title='bbox 1393 2990 1430 3025; x_wconf 74' lang='lat' dir='ltr'>(l.</span> <span class='ocrx_word' id='word_1_287' title='bbox 1453 3001 1694 3037; x_wconf 70' lang='lat' dir='ltr'>compressus</span> <span class='ocrx_word' id='word_1_288' title='bbox 1721 2988 1834 3025; x_wconf 88' lang='lat' dir='ltr'>Linn.</span> 
     </span>
    </p>

    <p class='ocr_par' dir='ltr' id='par_1_9' title="bbox 301 3044 1433 3155">
     <span class='ocr_line' id='line_1_46' title="bbox 301 3044 602 3095; baseline 0 -12"><span class='ocrx_word' id='word_1_289' title='bbox 301 3044 360 3095; x_wconf 72' lang='grc'>··11·</span> <span class='ocrx_word' id='word_1_290' title='bbox 393 3046 602 3083; x_wconf 86' lang='lat' dir='ltr'>Perennos.</span> 
     </span>
     <span class='ocr_line' id='line_1_47' title="bbox 446 3105 1433 3155; baseline 0.001 -13"><span class='ocrx_word' id='word_1_291' title='bbox 446 3106 553 3143; x_wconf 74' lang='lat' dir='ltr'>Folia</span> <span class='ocrx_word' id='word_1_292' title='bbox 587 3118 661 3142; x_wconf 79' lang='lat' dir='ltr'>non</span> <span class='ocrx_word' id='word_1_293' title='bbox 695 3105 917 3155; x_wconf 57' lang='lat' dir='ltr'>spongiosa3</span> <span class='ocrx_word' id='word_1_294' title='bbox 952 3105 1123 3155; x_wconf 71' lang='lat' dir='ltr'>spic-ulae</span> <span class='ocrx_word' id='word_1_295' title='bbox 1161 3107 1178 3143; x_wconf 87' lang='lat'>1</span> <span class='ocrx_word' id='word_1_296' title='bbox 1209 3119 1299 3143; x_wconf 89' lang='grc'>111111.</span> <span class='ocrx_word' id='word_1_297' title='bbox 1333 3107 1433 3144; x_wconf 79' lang='lat' dir='ltr'>latae</span> 
     </span>
    </p>

    <p class='ocr_par' dir='ltr' id='par_1_10' title="bbox 1290 3165 1792 3205">
     <span class='ocr_line' id='line_1_48' title="bbox 1290 3165 1792 3205; baseline 0 -2"><span class='ocrx_word' id='word_1_298' title='bbox 1290 3167 1355 3203; x_wconf 81' lang='lat'>32.</span> <span class='ocrx_word' id='word_1_299' title='bbox 1395 3166 1431 3205; x_wconf 82' lang='lat' dir='ltr'><strong>C.</strong></span> <span class='ocrx_word' id='word_1_300' title='bbox 1455 3166 1607 3204; x_wconf 75' lang='lat' dir='ltr'>distans</span> <span class='ocrx_word' id='word_1_301' title='bbox 1632 3165 1744 3203; x_wconf 90' lang='lat' dir='ltr'>Linn.</span> <span class='ocrx_word' id='word_1_302' title='bbox 1767 3165 1792 3203; x_wconf 82' lang='lat' dir='ltr'><strong>f.</strong></span> 
     </span>
    </p>
   </div>
  </div>
 </body>
</html>
